<?xml version="1.0" encoding="UTF-8"?><collection xmlns="http://www.loc.gov/MARC21/slim"><record><leader>00843nam--2200181-i-4500</leader><controlfield tag="001">000012044</controlfield><controlfield tag="002">20161230</controlfield><controlfield tag="005">20161230201029</controlfield><controlfield tag="008">060222s1000------------r-----000-0-eng-d</controlfield><datafield ind1=" " ind2=" " tag="040"><subfield code="a">IFIN-HH</subfield></datafield><datafield ind1=" " ind2=" " tag="080"><subfield code="a">539.175.3(73)</subfield></datafield><datafield ind1="1" ind2=" " tag="100"><subfield code="a">Bishop, Amasa S</subfield></datafield><datafield ind1="1" ind2="0" tag="245"><subfield code="a">Project sherwood. the u.s. program in controlled fusion</subfield><subfield code="b">An Account of the program in controlled thermonuclear reactions carried out by the United States Atomic Energy Commission during the period 1951-1958</subfield><subfield code="c">Amasa S. Bishop</subfield></datafield><datafield ind1=" " ind2=" " tag="260"><subfield code="a">Reading, Massachusetts, Addison-wesley Publishing Coompany, Inc., 1958</subfield></datafield><datafield ind1=" " ind2=" " tag="300"><subfield code="a">216 P</subfield></datafield><datafield ind1=" " ind2=" " tag="500"><subfield code="a">Prepared for the United States Atomic Energy Commission. Presented by the United States of America at the Second International Conference on the Peaceful Uses of Atomic Energy</subfield></datafield><datafield ind1=" " ind2=" " tag="852"><subfield code="a">13826</subfield><subfield code="c">533.9</subfield></datafield><datafield ind1=" " ind2=" " tag="CAT"><subfield code="a">Sys</subfield><subfield code="c">20100917</subfield><subfield code="h">114507</subfield></datafield></record></collection>